<record><leader>00000cas a22000007a 4500</leader><controlfield tag="001">30999790</controlfield><controlfield tag="008">940824d18801881mauwr ne      0    0eng d</controlfield><datafield ind1=" " ind2=" " tag="010"><subfield code="a">sn 94055810 </subfield></datafield><datafield ind1=" " ind2=" " tag="040"><subfield code="a">MGN</subfield><subfield code="b">eng</subfield><subfield code="c">MGN</subfield><subfield code="d">OCLCQ</subfield></datafield><datafield ind1=" " ind2=" " tag="042"><subfield code="a">msc</subfield></datafield><datafield ind1="0" ind2="0" tag="245"><subfield code="a">Essex County review.</subfield></datafield><datafield ind1=" " ind2=" " tag="260"><subfield code="a">Danvers, Mass. :</subfield><subfield code="b">Essex County Review Co.</subfield></datafield><datafield ind1=" " ind2=" " tag="300"><subfield code="a">v.</subfield></datafield><datafield ind1=" " ind2=" " tag="310"><subfield code="a">Weekly</subfield></datafield><datafield ind1="1" ind2=" " tag="362"><subfield code="a">Began June 12, 1880; ceased in Nov. 1881.</subfield></datafield><datafield ind1=" " ind2=" " tag="500"><subfield code="a">Published in Salem, Mass., Nov. 5-&lt;Nov. 12, 1881&gt;.</subfield></datafield><datafield ind1=" " ind2=" " tag="500"><subfield code="a">Editors: Andrew H. Paton, &lt;1880-1881&gt;; H.C. Cheever, &lt;1881&gt;.</subfield></datafield><datafield ind1=" " ind2=" " tag="500"><subfield code="a">National Greenback-Labor Party.</subfield></datafield><datafield ind1=" " ind2=" " tag="588"><subfield code="a">Description based on: Vol. 1, no. 2 (June 19, 1880).</subfield></datafield><datafield ind1=" " ind2=" " tag="752"><subfield code="a">United States</subfield><subfield code="b">Massachusetts</subfield><subfield code="c">Essex</subfield><subfield code="d">Salem.</subfield></datafield><datafield ind1=" " ind2=" " tag="752"><subfield code="a">United States</subfield><subfield code="b">Massachusetts</subfield><subfield code="c">Essex</subfield><subfield code="d">Danvers.</subfield></datafield></record>